<?xml version="1.0" encoding="UTF-8" ?><marc:collection xmlns:marc="http://www.loc.gov/MARC21/slim" xmlns:xsi="http://www.w3.org/2001/XMLSchema-instance" xsi:schemaLocation="http://www.loc.gov/MARC21/slim http://www.loc.gov/standards/marcxml/schema/MARC21slim.xsd">
<marc:record><marc:leader>01158cpm a2200217Ia 4500</marc:leader>
<marc:controlfield tag="001">001636226</marc:controlfield>
<marc:controlfield tag="003">OCoLC</marc:controlfield><marc:controlfield tag="005">19941205151813.0</marc:controlfield><marc:controlfield tag="008">941205s1838    fr                  fre d</marc:controlfield><marc:datafield tag="035" ind1=" " ind2=" "><marc:subfield code="a">31614717</marc:subfield></marc:datafield><marc:datafield tag="040" ind1=" " ind2=" "><marc:subfield code="a">NDK</marc:subfield><marc:subfield code="c">NDK</marc:subfield></marc:datafield><marc:datafield tag="049" ind1=" " ind2=" "><marc:subfield code="a">NDNX</marc:subfield></marc:datafield><marc:datafield tag="096" ind1=" " ind2=" "><marc:subfield code="a">x</marc:subfield></marc:datafield><marc:datafield tag="100" ind1="1" ind2=" "><marc:subfield code="a">Dutrochet, Henri,</marc:subfield><marc:subfield code="d">1776-1847.</marc:subfield></marc:datafield><marc:datafield tag="245" ind1="1" ind2="0"><marc:subfield code="a">Letter,</marc:subfield><marc:subfield code="f">1838, May 26,</marc:subfield><marc:subfield code="b">Noroy, [France], to Isidore Geoffroy Saint-Hilaire, Paris.</marc:subfield></marc:datafield><marc:datafield tag="300" ind1=" " ind2=" "><marc:subfield code="a">1</marc:subfield><marc:subfield code="f">item.</marc:subfield></marc:datafield><marc:datafield tag="545" ind1=" " ind2=" "><marc:subfield code="a">French physiologist.</marc:subfield></marc:datafield><marc:datafield tag="520" ind1="8" ind2=" "><marc:subfield code="a">ALS. English translation available. Informs Geoffroy Saint-Hilaire that his present research relates to the heat generated by plants. Dutrochet measures this energy with a thermo-galvanometer, which Becquerel has taught him to use. Thanks Geoffroy Saint-Hilaire for informing him about recent events at the Academy and hopes that such inappropriate scenes will not recur, as they are detrimental to the reputation of the Academy. Comments upon the possible confirmation of the theory that swallows hibernate.</marc:subfield></marc:datafield><marc:datafield tag="600" ind1="2" ind2="2"><marc:subfield code="a">Geoffroy Saint-Hilaire, Isidore,</marc:subfield><marc:subfield code="d">1805-1861.</marc:subfield></marc:datafield><marc:datafield tag="600" ind1="1" ind2="2"><marc:subfield code="a">Becquerel,</marc:subfield><marc:subfield code="c">M.</marc:subfield><marc:subfield code="q">(Antoine César),</marc:subfield><marc:subfield code="d">1788-1878.</marc:subfield></marc:datafield><marc:datafield tag="710" ind1="2" ind2=" "><marc:subfield code="a">History of Medicine Collections (Duke University)</marc:subfield></marc:datafield></marc:record>
</marc:collection>
